<?xml version="1.0" encoding="UTF-8"?><record xmlns="http://www.loc.gov/MARC21/slim" xmlns:cinclude="http://apache.org/cocoon/include/1.0" xmlns:zs="http://www.loc.gov/zing/srw/">
  <leader>00436cz  a2200133n  4500</leader>
  <controlfield tag="001">n  88060995 </controlfield>
  <controlfield tag="003">DLC</controlfield>
  <controlfield tag="005">20080301075650.0</controlfield>
  <controlfield tag="008">880413n| acannaabn          |n aaa      </controlfield>
  <datafield tag="010" ind1=" " ind2=" ">
    <subfield code="a">n  88060995 </subfield>
  </datafield>
  <datafield tag="035" ind1=" " ind2=" ">
    <subfield code="a">(OCoLC)oca02249839</subfield>
  </datafield>
  <datafield tag="040" ind1=" " ind2=" ">
    <subfield code="a">DLC</subfield>
    <subfield code="b">eng</subfield>
    <subfield code="c">DLC</subfield>
    <subfield code="d">OCoLC</subfield>
  </datafield>
  <datafield tag="100" ind1="1" ind2=" ">
    <subfield code="a">Cutts, Geoff</subfield>
  </datafield>
  <datafield tag="670" ind1=" " ind2=" ">
    <subfield code="a">His Structured systems analysis and design method., 1987:</subfield>
    <subfield code="b">t.p. (Geoff Cutts, BSc, MSc, FBCS, Dept. of Compt. Studies, Sheffield City Poly.)</subfield>
  </datafield>
</record>